<collection xmlns="http://www.loc.gov/MARC21/slim"><record><leader>00905nam  2200253   450</leader><controlfield tag="001">868</controlfield><controlfield tag="003">http://montalegre.opacnet.com/OPAC/default.aspx?ContentAreaControl=ShowRegHoldings.ascx&amp;RegNo=16662</controlfield><datafield tag="021" ind1=" " ind2=" "><subfield code="a">PT</subfield><subfield code="b">14389/87</subfield></datafield><datafield tag="095" ind1=" " ind2=" "><subfield code="a">PTBN00040436</subfield></datafield><datafield tag="100" ind1=" " ind2=" "><subfield code="a">19870526g1987    e  y0pory0103    ba</subfield></datafield><datafield tag="101" ind1="1" ind2=" "><subfield code="a">por</subfield><subfield code="c">eng</subfield></datafield><datafield tag="102" ind1=" " ind2=" "><subfield code="a">PT</subfield></datafield><datafield tag="200" ind1="1" ind2=" "><subfield code="a">&lt;Os &gt;filhos do capitão Grant</subfield><subfield code="f">Júlio Verne</subfield><subfield code="g">trad. Ana Rabaça</subfield></datafield><datafield tag="210" ind1=" " ind2=" "><subfield code="a">Mem Martins</subfield><subfield code="c">Europa-América</subfield><subfield code="d">D.L. 1987-</subfield></datafield><datafield tag="215" ind1=" " ind2=" "><subfield code="a">v.</subfield><subfield code="c">il.</subfield><subfield code="d">18 cm</subfield></datafield><datafield tag="225" ind1="2" ind2=" "><subfield code="a">Livros de bolso Europa-América</subfield><subfield code="v">480</subfield></datafield><datafield tag="304" ind1=" " ind2=" "><subfield code="a">Tít. orig. Les enfants du capitaine Grant</subfield></datafield><datafield tag="327" ind1="0" ind2=" "><subfield code="a">2" v. : 188 p.</subfield></datafield><datafield tag="675" ind1=" " ind2=" "><subfield code="a">087.5</subfield><subfield code="v">BN</subfield><subfield code="z">por</subfield><subfield code="v">med</subfield><subfield code="z">por</subfield><subfield code="3">287999</subfield></datafield><datafield tag="700" ind1=" " ind2="1"><subfield code="a">Verne</subfield><subfield code="b">Jules</subfield><subfield code="f">1828-1905</subfield><subfield code="3">27932</subfield></datafield><datafield tag="702" ind1=" " ind2="1"><subfield code="a">Rabaça</subfield><subfield code="b">Ana Maria</subfield><subfield code="4">730</subfield><subfield code="3">24332</subfield></datafield><datafield tag="801" ind1=" " ind2="0"><subfield code="a">PT</subfield><subfield code="b">Biblioteca Municipal de Montalegre</subfield><subfield code="g">RPC</subfield></datafield><datafield tag="856" ind1=" " ind2=" "><subfield code="u">locateMedia.asp?cod=20060627142830&amp;ext=jpg</subfield><subfield code="z">CAPA</subfield></datafield><datafield tag="909" ind1="&#9;" ind2=" "><subfield code="a">2</subfield></datafield><datafield tag="966" ind1=" " ind2=" "><subfield code="a">0003179</subfield><subfield code="l">BMM</subfield><subfield code="s">SJ 087.5 VER fil 480</subfield></datafield><datafield tag="966" ind1=" " ind2=" "><subfield code="a">0005527</subfield><subfield code="l">BMM</subfield><subfield code="s">SJ 087.5 VER fil 480 Vol.2</subfield></datafield></record></collection>